@inproceedings{grassi2021poseidon,
  title={Poseidon: A New Hash Function for $\{$Zero-Knowledge$\}$ Proof Systems},
  author={Grassi, Lorenzo and Khovratovich, Dmitry and Rechberger, Christian and Roy, Arnab and Schofnegger, Markus},
  booktitle={30th USENIX Security Symposium (USENIX Security 21)},
  pages={519--535},
  year={2021}
}
@inproceedings{grassi2020generalization,
  title={On a generalization of substitution-permutation networks: The HADES design strategy},
  author={Grassi, Lorenzo and L{\"u}ftenegger, Reinhard and Rechberger, Christian and Rotaru, Dragos and Schofnegger, Markus},
  booktitle={Annual International Conference on the Theory and Applications of Cryptographic Techniques},
  pages={674--704},
  year={2020},
  organization={Springer}
}